<?xml version="1.0" encoding="UTF-8"?>
<collection xmlns:xsi="http://www.w3.org/2001/XMLSchema-instance" xsi:schemaLocation="http://www.loc.gov/MARC21/slim http://www.loc.gov/standards/marcxml/schema/MARC21slim.xsd" xmlns="http://www.loc.gov/MARC21/slim">
<record>
  <leader>00991cam a2200205Ma 4500</leader>
  <controlfield tag="001">3071304</controlfield>
  <controlfield tag="003">NNC</controlfield>
  <controlfield tag="005">20030429142358.0</controlfield>
  <controlfield tag="008">941221s1850    ua            000 0 ara d</controlfield>
  <datafield tag="035" ind1=" " ind2=" ">
    <subfield code="a">(OCoLC)ocm31823646</subfield>
  </datafield>
  <datafield tag="035" ind1=" " ind2=" ">
    <subfield code="9">ATP4263CU</subfield>
  </datafield>
  <datafield tag="040" ind1=" " ind2=" ">
    <subfield code="a">PUL</subfield>
    <subfield code="c">PUL</subfield>
    <subfield code="d">ZCU</subfield>
  </datafield>
  <datafield tag="099" ind1=" " ind2=" ">
    <subfield code="a">893.7H22</subfield>
    <subfield code="a">P34</subfield>
  </datafield>
  <datafield tag="100" ind1="0" ind2=" ">
    <subfield code="a">Ḥarīrī,</subfield>
    <subfield code="d">1054-1122.</subfield>
  </datafield>
  <datafield tag="240" ind1="1" ind2="0">
    <subfield code="a">Maqāmāt al-Ḥarīrī fī al-lughah al-ʻArabīyah wa-al-funūn al-adabīyah bi-al-tamām wa-al-kamāl, wa-al-ḥamd li-Allāh ʻalá kull ḥāl</subfield>
  </datafield>
  <datafield tag="245" ind1="1" ind2="0">
    <subfield code="a">Kitāb Maqāmāt al-Ḥarīrī fī al-lughah al-ʻArabīyah wa-al-funūn al-adabīyah bi-al-tamām wa-al-kamāl, wa-al-ḥamd li-Allāh ʻalá kull ḥāl.</subfield>
  </datafield>
  <datafield tag="260" ind1=" " ind2=" ">
    <subfield code="a">al-Qāhirah :</subfield>
    <subfield code="b">Dār al-Ṭibāʻah al-Bāhirah,</subfield>
    <subfield code="c">1266 [1850]</subfield>
  </datafield>
  <datafield tag="300" ind1=" " ind2=" ">
    <subfield code="a">419 p. ;</subfield>
    <subfield code="c">26 cm.</subfield>
  </datafield>
  <datafield tag="740" ind1="0" ind2="1">
    <subfield code="a">Maqāmāt al-Ḥarīrī fī al-lughah al-ʻArabīyah wa-al-funūn al-adabīyah bi-al-tamām wa-al-kamāl, wa-al-ḥamd li-Allāh ʻalá kull ḥāl.</subfield>
  </datafield>
  <datafield tag="955" ind1=" " ind2=" ">
    <subfield code="b">CU58870970</subfield>
    <subfield code="d">off,glx</subfield>
    <subfield code="e">893.7H22 P34</subfield>
  </datafield>
</record>
</collection>